<record><leader>00000cas a2200000 a 4500</leader><controlfield tag="001">9529011</controlfield><controlfield tag="008">830520d18661889arudn ne      0    0eng  </controlfield><datafield ind1=" " ind2=" " tag="010"><subfield code="a">sn 82016487 </subfield></datafield><datafield ind1=" " ind2=" " tag="040"><subfield code="a">DLC</subfield><subfield code="b">eng</subfield><subfield code="c">DLC</subfield><subfield code="d">NPX</subfield><subfield code="d">NPU</subfield><subfield code="d">DLC</subfield><subfield code="d">PPM</subfield><subfield code="d">DLC</subfield><subfield code="d">OCL</subfield><subfield code="d">ANU</subfield><subfield code="d">DLC</subfield><subfield code="d">ANU</subfield><subfield code="d">TGN</subfield><subfield code="d">CVF</subfield><subfield code="d">OCLCQ</subfield><subfield code="d">KRTAS</subfield><subfield code="d">CUI</subfield><subfield code="d">OCLCQ</subfield><subfield code="d">OCLCF</subfield></datafield><datafield ind1=" " ind2=" " tag="019"><subfield code="a">10666423</subfield></datafield><datafield ind1=" " ind2=" " tag="042"><subfield code="a">pcc</subfield></datafield><datafield ind1=" " ind2=" " tag="043"><subfield code="a">n-us-ar</subfield></datafield><datafield ind1="0" ind2="0" tag="050"><subfield code="a">Newspaper</subfield></datafield><datafield ind1="0" ind2="0" tag="245"><subfield code="a">Daily Arkansas gazette.</subfield></datafield><datafield ind1=" " ind2=" " tag="260"><subfield code="a">Little Rock, Ark. :</subfield><subfield code="b">Wm. E. Woodruff, Jr.,</subfield><subfield code="c">1866-1889.</subfield></datafield><datafield ind1=" " ind2=" " tag="300"><subfield code="a">26 v. :</subfield><subfield code="b">ill. ;</subfield><subfield code="c">63 cm.</subfield></datafield><datafield ind1=" " ind2=" " tag="310"><subfield code="a">Daily (except Monday),</subfield><subfield code="b">Mar. 20, 1868-Feb. 2, 1889</subfield></datafield><datafield ind1=" " ind2=" " tag="321"><subfield code="a">Daily (except Saturday and Sunday),</subfield><subfield code="b">Aug. 30-Sept. 7, 1866</subfield></datafield><datafield ind1=" " ind2=" " tag="321"><subfield code="a">Daily (except Sunday),</subfield><subfield code="b">Sept. 10-Dec. 2, 1866</subfield></datafield><datafield ind1=" " ind2=" " tag="321"><subfield code="a">Daily (except Monday),</subfield><subfield code="b">Dec. 3, 1866-Nov. 28, 1867</subfield></datafield><datafield ind1=" " ind2=" " tag="321"><subfield code="a">Daily (except Friday and Monday),</subfield><subfield code="b">Nov. 30, 1867-Mar. 19, 1868</subfield></datafield><datafield ind1="0" ind2=" " tag="362"><subfield code="a">Vol. 45, no. 80 (Aug. 30, 1866)-70th year, no. 65 (Feb. 2, 1889).</subfield></datafield><datafield ind1=" " ind2=" " tag="515"><subfield code="a">Numbering is irregular.</subfield></datafield><datafield ind1=" " ind2=" " tag="530"><subfield code="a">Also issued on microfilm from the Library of Congress Photoduplication Service.</subfield></datafield><datafield ind1=" " ind2=" " tag="580"><subfield code="a">Daily eds. issued during the fair: Daily fair gazette, 1869-1871, and: Fair gazette, &lt;1872&gt;-</subfield></datafield><datafield ind1=" " ind2=" " tag="580"><subfield code="a">Weekly eds.: Arkansas gazette (Little Rock, Ark. : 1866), 1866, and: Weekly Arkansas gazette, 1866-1889.</subfield></datafield><datafield ind1=" " ind2="0" tag="651"><subfield code="a">Little Rock (Ark.)</subfield><subfield code="v">Newspapers.</subfield></datafield><datafield ind1=" " ind2="0" tag="651"><subfield code="a">Pulaski County (Ark.)</subfield><subfield code="v">Newspapers.</subfield></datafield><datafield ind1=" " ind2="7" tag="655"><subfield code="a">Newspapers.</subfield><subfield code="2">fast</subfield><subfield code="0">(OCoLC)fst01423814</subfield></datafield><datafield ind1=" " ind2="7" tag="651"><subfield code="a">Arkansas</subfield><subfield code="z">Little Rock.</subfield><subfield code="2">fast</subfield><subfield code="0">(OCoLC)fst01206922</subfield></datafield><datafield ind1=" " ind2="7" tag="651"><subfield code="a">Arkansas</subfield><subfield code="z">Pulaski County.</subfield><subfield code="2">fast</subfield><subfield code="0">(OCoLC)fst01208517</subfield></datafield><datafield ind1=" " ind2=" " tag="752"><subfield code="a">United States</subfield><subfield code="b">Arkansas</subfield><subfield code="c">Pulaski</subfield><subfield code="d">Little Rock.</subfield></datafield><datafield ind1="0" ind2=" " tag="775"><subfield code="t">Arkansas campaign gazette</subfield><subfield code="w">(DLC)sn 82014379</subfield></datafield><datafield ind1="1" ind2=" " tag="775"><subfield code="t">Daily fair gazette</subfield><subfield code="w">(DLC)sn 87062096</subfield></datafield><datafield ind1="1" ind2=" " tag="775"><subfield code="t">Fair gazette</subfield><subfield code="w">(DLC)sn 90050053</subfield></datafield><datafield ind1="1" ind2=" " tag="775"><subfield code="t">Arkansas gazette (Little Rock, Ark. : 1866)</subfield><subfield code="w">(DLC)sn 87062078</subfield></datafield><datafield ind1="1" ind2=" " tag="775"><subfield code="t">Weekly Arkansas gazette</subfield><subfield code="w">(DLC)sn 82016484</subfield></datafield><datafield ind1="0" ind2="0" tag="780"><subfield code="t">Little Rock daily gazette</subfield><subfield code="w">(DLC)sn 82016486</subfield></datafield><datafield ind1="0" ind2="0" tag="785"><subfield code="t">Arkansas gazette (Little Rock, Ark. : 1889)</subfield><subfield code="w">(DLC)sn 82014890</subfield></datafield><datafield ind1=" " ind2=" " tag="938"><subfield code="a">Kirtas Technologies, Inc.</subfield><subfield code="b">KRTS</subfield><subfield code="n">736718</subfield></datafield></record>